<?xml version="1.0" encoding="UTF-8"?><collection xmlns="http://www.loc.gov/MARC21/slim"><record><leader>00320nam--2200121-i-4500</leader><controlfield tag="001">000003119</controlfield><controlfield tag="002">20161230</controlfield><controlfield tag="005">20161230201025</controlfield><controlfield tag="008">060222s1000------------r-----000-0-eng-d</controlfield><datafield ind1=" " ind2=" " tag="100"><subfield code="a">Andrade, E.N. Da C</subfield></datafield><datafield ind1=" " ind2=" " tag="245"><subfield code="a">An approach to modern physics</subfield></datafield><datafield ind1=" " ind2=" " tag="260"><subfield code="a">London, G.Bell, 1956 X + 232 P.Cu Figuri + 8 Planse</subfield></datafield><datafield ind1=" " ind2=" " tag="852"><subfield code="a">12072</subfield></datafield></record></collection>